@misc{quickdraw,
  author    = "Jonas Jongejan and Henry Rowley and Takashi Kawashima and Jongmin Kim and Nick Fox-Gieg",
  title     = "{T}he {Q}uick, {D}raw! - {A}.{I}. {E}xperiment.",
  url       = "https://quickdraw.withgoogle.com",
  year      = "2016",
}

@article{sketchydb,
  author =       "Patsorn Sangkloy and Nathan Burnell and Cusuh Ham and James Hays",
  title =        "{T}he {S}ketchy {D}atabase: {L}earning to {R}etrieve {B}adly {D}rawn {B}unnies",
  journal =      "ACM Trans. Graph.",
  volume =       "35",
  number =       "4",
  pages =        "119:1–119:12",
  month =        "July",
  year =         "2016",
}

@article{LSTM,
 author = {Hochreiter, Sepp and Schmidhuber, J\"{u}rgen},
 title = {{L}ong {S}hort-{T}erm {M}emory},
 journal = {Neural Comput.},
 issue_date = {November 15, 1997},
 volume = {9},
 number = {8},
 month = nov,
 year = {1997},
 issn = {0899-7667},
 pages = {1735--1780},
 numpages = {46},
 url = {http://dx.doi.org/10.1162/neco.1997.9.8.1735},
 doi = {10.1162/neco.1997.9.8.1735},
 acmid = {1246450},
 publisher = {MIT Press},
 address = {Cambridge, MA, USA},
}

@article{GAN,
   author = {{Goodfellow}, I.~J. and {Pouget-Abadie}, J. and {Mirza}, M. and 
	{Xu}, B. and {Warde-Farley}, D. and {Ozair}, S. and {Courville}, A. and 
	{Bengio}, Y.},
    title = "{{G}enerative {A}dversarial {N}etworks}",
  journal = {ArXiv},
archivePrefix = "arXiv",
   eprint = {1406.2661},
 primaryClass = "stat.ML",
 keywords = {Statistics - Machine Learning, Computer Science - Learning},
     year = 2014,
    month = jun,
   adsurl = {http://adsabs.harvard.edu/abs/2014arXiv1406.2661G},
  adsnote = {Provided by the SAO/NASA Astrophysics Data System}
}

@article{MNIST,
 author = "Yann LeCun and Leon Bottou and Yoshua Bengio and Patrick Haffner",
 title = "{G}radient-based learning applied to document
recognition",
 journal = "Proceedings of the IEE",
 volume = "86",
 number = "11",
 year = "1998",
 issn = "2278–2324",
}

@article{TFD,
 author = "Susskind, J. and Anderson, A. and and Hinton, G. E.",
 title = "{T}he {T}oronto {F}ace {D}ataset",
 journal = "Technical Report UTML TR",
 year = "2010",
 issn = "2010-001",
 note = "U. Toronto",
}

@misc{CIFAR,
 author = "Krizhevsky, A. and Hinton, G",
 title = "{L}earning multiple layers of features from tiny images",
 note = "Technical report, University of Toronto.",
 year = "2009",
}

@article{GRU,
  author    = {Kyunghyun Cho and
               Bart van Merrienboer and
               {\c{C}}aglar G{\"{u}}l{\c{c}}ehre and
               Fethi Bougares and
               Holger Schwenk and
               Yoshua Bengio},
  title     = {{L}earning {P}hrase {R}epresentations using {RNN} {E}ncoder-{D}ecoder for {S}tatistical
               {M}achine {T}ranslation},
  journal   = {CoRR},
  volume    = {abs/1406.1078},
  year      = {2014},
  url       = {http://arxiv.org/abs/1406.1078},
  timestamp = {Wed, 07 Jun 2017 14:43:08 +0200},
  biburl    = {http://dblp.org/rec/bib/journals/corr/ChoMGBSB14},
  bibsource = {dblp computer science bibliography, http://dblp.org}
}

@article{rcp2,
 author = {Lee, Yong Jae and Zitnick, C. Lawrence and Cohen, Michael F.},
 title = {ShadowDraw: Real-time User Guidance for Freehand Drawing},
 journal = {ACM Trans. Graph.},
 issue_date = {July 2011},
 volume = {30},
 number = {4},
 month = jul,
 year = {2011},
 issn = {0730-0301},
 pages = {27:1--27:10},
 articleno = {27},
 numpages = {10},
 url = {http://doi.acm.org/10.1145/2010324.1964922},
 doi = {10.1145/2010324.1964922},
 acmid = {1964922},
 publisher = {ACM},
 address = {New York, NY, USA},
 keywords = {interactive drawing, large scale image retrieval, shape matching},
} 

@article{qdpaper,
  author    = {David Ha and
               Douglas Eck},
  title     = {A Neural Representation of Sketch Drawings},
  journal   = {CoRR},
  volume    = {abs/1704.03477},
  year      = {2017},
  url       = {http://arxiv.org/abs/1704.03477},
  archivePrefix = {arXiv},
  eprint    = {1704.03477},
  timestamp = {Wed, 07 Jun 2017 14:40:42 +0200},
  biburl    = {http://dblp.org/rec/bib/journals/corr/HaE17},
  bibsource = {dblp computer science bibliography, http://dblp.org}
}

@article{rcp1,
  author    = {Ravi Kiran Sarvadevabhatla and
               R. Venkatesh Babu},
  title     = {Freehand Sketch Recognition Using Deep Features},
  journal   = {CoRR},
  volume    = {abs/1502.00254},
  year      = {2015},
  url       = {http://arxiv.org/abs/1502.00254},
  archivePrefix = {arXiv},
  eprint    = {1502.00254},
  timestamp = {Wed, 07 Jun 2017 14:42:48 +0200},
  biburl    = {http://dblp.org/rec/bib/journals/corr/Sarvadevabhatla15a},
  bibsource = {dblp computer science bibliography, http://dblp.org}
}

@article{DBLP:journals/corr/Graves13,
  author    = {Alex Graves},
  title     = {Generating Sequences With Recurrent Neural Networks},
  journal   = {CoRR},
  volume    = {abs/1308.0850},
  year      = {2013},
  url       = {http://arxiv.org/abs/1308.0850},
  archivePrefix = {arXiv},
  eprint    = {1308.0850},
  timestamp = {Wed, 07 Jun 2017 14:40:15 +0200},
  biburl    = {http://dblp.org/rec/bib/journals/corr/Graves13},
  bibsource = {dblp computer science bibliography, http://dblp.org}
}

@article{journals/corr/KingmaW13,
  added-at = {2014-01-06T00:00:00.000+0100},
  author = {Kingma, Diederik P. and Welling, Max},
  biburl = {https://www.bibsonomy.org/bibtex/2486ad13a443259d137cb57be1dc77002/dblp},
  ee = {http://arxiv.org/abs/1312.6114},
  interhash = {85731e0fbdb10b8543ea9f55301b37a5},
  intrahash = {486ad13a443259d137cb57be1dc77002},
  journal = {CoRR},
  keywords = {dblp},
  timestamp = {2014-01-07T11:34:31.000+0100},
  title = {Auto-Encoding Variational Bayes.},
  url = {http://dblp.uni-trier.de/db/journals/corr/corr1312.html#KingmaW13},
  volume = {abs/1312.6114},
  year = 2013
}

@article{DBLP:journals/corr/VinyalsTBE14,
  author    = {Oriol Vinyals and
               Alexander Toshev and
               Samy Bengio and
               Dumitru Erhan},
  title     = {Show and Tell: {A} Neural Image Caption Generator},
  journal   = {CoRR},
  volume    = {abs/1411.4555},
  year      = {2014},
  url       = {http://arxiv.org/abs/1411.4555},
  archivePrefix = {arXiv},
  eprint    = {1411.4555},
  timestamp = {Wed, 07 Jun 2017 14:41:10 +0200},
  biburl    = {http://dblp.org/rec/bib/journals/corr/VinyalsTBE14},
  bibsource = {dblp computer science bibliography, http://dblp.org}
}

@article{DBLP:journals/corr/GregorDGW15,
  author    = {Karol Gregor and
               Ivo Danihelka and
               Alex Graves and
               Daan Wierstra},
  title     = {{DRAW:} {A} Recurrent Neural Network For Image Generation},
  journal   = {CoRR},
  volume    = {abs/1502.04623},
  year      = {2015},
  url       = {http://arxiv.org/abs/1502.04623},
  archivePrefix = {arXiv},
  eprint    = {1502.04623},
  timestamp = {Wed, 07 Jun 2017 14:40:10 +0200},
  biburl    = {http://dblp.org/rec/bib/journals/corr/GregorDGW15},
  bibsource = {dblp computer science bibliography, http://dblp.org}
}

@article{DBLP:journals/corr/KarpathyF14,
  author    = {Andrej Karpathy and
               Fei{-}Fei Li},
  title     = {Deep Visual-Semantic Alignments for Generating Image Descriptions},
  journal   = {CoRR},
  volume    = {abs/1412.2306},
  year      = {2014},
  url       = {http://arxiv.org/abs/1412.2306},
  archivePrefix = {arXiv},
  eprint    = {1412.2306},
  timestamp = {Wed, 07 Jun 2017 14:41:14 +0200},
  biburl    = {http://dblp.org/rec/bib/journals/corr/KarpathyF14},
  bibsource = {dblp computer science bibliography, http://dblp.org}
}

@article{DBLP:journals/corr/SimonyanZ14a,
  author    = {Karen Simonyan and
               Andrew Zisserman},
  title     = {Very Deep Convolutional Networks for Large-Scale Image Recognition},
  journal   = {CoRR},
  volume    = {abs/1409.1556},
  year      = {2014},
  url       = {http://arxiv.org/abs/1409.1556},
  archivePrefix = {arXiv},
  eprint    = {1409.1556},
  timestamp = {Wed, 07 Jun 2017 14:41:51 +0200},
  biburl    = {http://dblp.org/rec/bib/journals/corr/SimonyanZ14a},
  bibsource = {dblp computer science bibliography, http://dblp.org}
}